2809 4684
217 463 224 472 ,
249 385 316 436 ιιι
469 387 475 400 ’
539 363 723 440 Parata
757 346 1016 442 Eorrtours

249 541 401 624 destiam
435 553 593 650 lacessit3
638 555 699 630 ille
727 555 887 658 Cynicus
921 559 1163 638 convitiorum
1189 524 1319 636 sordi·-
1373 604 1376 629 ι

246 654 317 727 bus
349 654 543 730 clarissima
576 678 612 729 et
637 659 730 731 bene
761 661 886 732 merita
920 661 1100 783 adspergit
1125 659 1315 740 Nomina:
1373 706 1375 741 J

246 781 315 826 uec
341 775 491 856 uterque
518 759 713 857 quicquam
739 762 842 859 pensi
861 761 1040 857 babet,
1024 772 1126 860 cujus
1153 760 1320 860 dignita·
1374 802 1375 841 ι

222 877 320 942 ,tem
346 858 501 952 allatret,
545 869 607 931 a'ut
631 861 794 936 fortunae
820 860 1009 957 aduletur,
1051 864 1141 936 dum
1165 893 1320 939 merce-
1374 886 1375 931 ἒ

173 1033 176 1044 ,
245 959 380 1032 nariam
419 983 618 1060 aucupetur
651 964 811 1058 gratiam.
890 965 1043 1037 Venales
1075 966 1315 1062 homunculi,

247 1063 330 1158 qui,
375 1062 405 1135 si
432 1088 504 1158 qua
529 1067 669 1142 numini
696 1091 777 1163 spes
812 1064 962 1186 (mira
952 1085 1019 1136 ista
1047 1088 1241 1140 corvorum
1267 1069 1317 1139 in

243 1163 367 1236 olores
392 1165 570 1279 ructatrix)
598 1166 770 1238 affulserit
779 1155 914 1262 ,nigra
939 1168 977 1238 in
1006 1165 1158 1246 candida
1184 1189 1315 1240 verte-
1374 1188 1375 1197 ¹

246 1289 286 1336 re
313 1265 425 1364 parati
451 1266 552 1338 suut!
614 1253 721 1340 Alius
747 1267 913 1353 Theatris
939 1294 1089 1368 operam
1114 1269 1233 1362 locat3
1268 1288 1313 1339 et

243 1367 365 1438 fabula
392 1393 531 1462 ungues
556 1369 783 1466 quantumvis
809 1395 922 1441 auno
929 1389 1007 1445 ιοιο
1035 1367 1223 1449 demorsos
1248 1395 1313 1440 sa-

215 1468 369 1585 piens·
380 1497 455 1543 uno
489 1471 609 1574 sqrsan
641 1471 764 1542 sibilo
782 1471 950 1568 exigitur.
992 1492 1170 1567 nusquam
1202 1470 1311 1542 enim

243 1569 416 1643 incertior
442 1591 479 1642 et
502 1554 660 1670 iniquior
685 1571 824 1644 luditur
851 1573 937 1664 alea,
966 1597 1075 1670 quam
1091 1572 1156 1642 ubi
1181 1570 1307 1644 morio

242 1689 407 1791 poetae,
437 1674 678 1761 funambulus
696 1673 887 1769 Terentio,
921 1672 1137 1746 Plebeculae
1163 1674 1308 1744 clamor

141 1837 146 1846 .
238 1773 428 1870 Scipionis
467 1796 502 1846 et
538 1757 651 1848 Laelii
689 1776 867 1890 suffragiis
900 1775 1056 1874 palmam
1096 1774 1305 1872 saepissime

241 1875 455 1973 praeripuit
521 1874 617 1974 Ego,
660 1878 721 1947 cui
747 1873 872 1947 rudius
899 1898 951 1950 est
977 1895 1013 1947 et
1036 1873 1210 1948 tardius
1199 1900 1307 1971 inge-

239 1977 368 2068 ιιὶιιιιι,
399 1978 436 2050 in
462 1976 644 2048 literarum
670 1976 855 2050 elementis
880 2002 938 2048 me
964 1977 1155 2069 contineo3
1188 1976 1305 2048 dum-

158 2081 164 2104 ‘
242 2105 314 2176 que
342 2078 403 2150 alii
428 2078 513 2151 viris
540 2079 681 2177 placere
716 2075 884 2171 student,
925 2100 962 2152 et
994 2077 1169 2188 gloriolae
1202 2078 1305 2152 avidi

241 2180 407 2252 altiorem
442 2178 682 2251 eruditionem
716 2200 910 2271 ostentant,
954 2178 1032 2278 ipse
1065 2206 1134 2280 pro
1168 2183 1303 2271 exigua

241 2307 321 2352 mea
347 2282 513 2354 facultate
539 2279 661 2380 pueris
681 2279 876 2380 prodesse,
902 2281 961 2355 vel
977 2281 1101 2353 saltem
1127 2279 1297 2380 prodesse

241 2372 365 2454 conari
390 2383 503 2454 malo:
525 2404 590 2459 et
603 2406 782 2476 ingeniosi
812 2407 963 2475 nomen,
1002 2363 1104 2480 quod
1128 2409 1200 2455 nec
1220 2409 1298 2454 me-

242 2507 326 2556 reor
351 2509 418 2556 nec
442 2451 579 2574 ambio,
608 2481 834 2580 dignioribus
859 2483 1006 2556 minime
1024 2483 1208 2575 invidens,
1244 2506 1298 2558 sat

240 2585 418 2684 superque
466 2585 605 2676 habeo,
674 2586 706 2657 si
750 2584 955 2660 industrius
1003 2606 1039 2656 et
1092 2580 1295 2657 laboriosus

150 2685 154 2690 ’
240 2685 393 2766 audiam.
446 2687 567 2760 Labor
587 2709 683 2760 certe
709 2713 784 2760 non
802 2686 890 2760 levis
908 2686 1176 2782 experientibus
1195 2685 1297 2761 vide·

238 2787 396 2868 bitur
388 2816 425 2860 ιιι
468 2789 632 2863 ordinem
682 2788 847 2909 redigere
885 2791 1000 2859 florias
1042 2787 1294 2860 Dialectorum

240 2889 461 2980 Graecarum
491 2889 678 2983 minutias,
731 2917 820 2987 quas
848 2916 914 2986 per
943 2895 1067 2986 jocum
1094 2889 1230 2961 facilius
1259 2909 1293 2963 et

240 2990 352 3064 citius
374 2989 518 3089 eludes,
560 3019 689 3089 quam
690 2992 766 3064 sine
789 2991 916 3063 barum
936 2989 1061 3064 notitia
1087 2991 1294 3063 Authorum

65 3099 67 3106 “
127 3125 129 3130 ·
238 3087 373 3164 nodos
375 3050 518 3166 “isolves
552 3093 642 3187 illis,
685 3121 839 3192 quarum
862 3114 917 3167 tot
941 3093 1013 3164 fere
1041 3094 1180 3191 species
1204 3110 1295 3190 quot

107 3237 108 3246 ι
181 3217 189 3231 ’
238 3193 413 3264 Gentium
447 3195 637 3289 Coloniae,
690 3216 808 3268 certos
838 3192 1012 3311 quosdam
1040 3196 1182 3288 affigere
1210 3192 1296 3265 cha·-

181 3309 186 3322 '
236 3309 390 3367 tacteres
415 3323 457 3368 ex
483 3295 567 3394 ipsis
594 3295 822 3368 Auth‘oribus
842 3295 992 3394 petitos,
1020 3294 1193 3394 quibus
1167 3319 1295 3389 singu-

238 3397 273 3468 la
294 3423 459 3495 quaeque
484 3394 689 3470 Dialectus
696 3398 740 3468 ab
770 3398 848 3469 aliis
873 3395 1120 3494 distinguatur.
1179 3389 1298 3481 Quod

237 3525 346 3570 nemo
364 3499 505 3571 melius
522 3519 558 3575 et
582 3499 727 3572 brevius
743 3500 936 3597 praestitit,
981 3524 1087 3594 quam
1115 3495 1293 3568 Reveren-

239 3597 307 3670 dus
325 3599 666 3696 Busbeiusmaguus
681 3599 745 3684 ille
761 3600 817 3672 sui
835 3627 912 3676 aevi
899 3597 1194 3687 Quintilianus,
1234 3620 1292 3671 ac·

186 3725 189 3730 ·
239 3700 481 3773 curatissimus
500 3701 700 3772 Literarum
726 3700 874 3774 Arbiter
892 3722 929 3774 et
948 3699 1111 3792 Vindex3
1150 3697 1293 3794 quive·

211 3853 213 3858 -
237 3822 356 3873 terum
382 3803 652 3900 recentiumque
680 3802 1005 3874 Grammaticorum
1029 3800 1110 3877 lites
1131 3795 1294 3900 Tyroni

237 3903 306 3975 hus
327 3902 634 3975 molestissimas
615 3904 838 4000 composuit,
879 3922 915 3976 et
934 3902 1098 3974 tenebras
1118 3884 1292 4016 dispulit.

240 4008 341 4096 cujus
368 4005 540 4076 memoria
564 4003 654 4074 mihi
682 4005 891 4101 praesertim
919 4004 998 4102 (qui
1026 4007 1102 4098 ejus
1124 3998 1291 4073 institutis

240 4125 278 4202 et
288 4105 566 4200 munificentiae
587 4131 643 4176 me
661 4126 696 4176 et
712 4131 793 4176 mea
805 4104 942 4199 debeo)
969 4101 1126 4192 colenda
1143 4122 1226 4192 est,
1232 4122 1292 4165 eu·

238 4210 294 4304 jus
312 4205 468 4310 vestigiis
493 4234 534 4282 ac
552 4202 763 4280 methodo
753 4233 791 4278 ιιι
807 4188 1056 4306 subsequenti
1065 4221 1214 4280 tractatu
1233 4193 1291 4270 ad-
