2809 4684
295 1118 618 1197 sucvuuau
680 1113 1005 1193 uutrtouts

448 1264 829 1382 ,saturano
892 1238 896 1248 ’

495 1524 792 1545 W

120 1647 282 1790 Tibi
254 1718 363 1791 risum
386 1719 557 1812 excutiet,
600 1719 728 1794 Amice
752 1719 909 1810 Lector,
955 1718 1073 1794 Senex
1094 1711 1180 1794 Ele-

120 1821 315 1896 mentarius
351 1847 620 1920 repuerascens:
672 1814 932 1918 hominemque
975 1822 1179 1912 miraberis,

120 1919 267 1998 affecta
259 1941 409 2039 aetate,
460 1923 701 1994 Grammatica
723 1923 924 1994 rudimenta
944 1944 1178 2022 repetentem,

122 2049 161 2099 et
187 2022 293 2126 suh
284 2024 366 2121 rpsis
392 2048 487 2122 pene
511 2021 602 2097 vitae
625 2023 729 2096 metis
752 2023 810 2098 ad
821 2048 980 2096 carceres
1003 2047 1180 2096 reverten

64 2123 71 2142 ⁸
108 2139 210 2199 tem.
269 2124 400 2196 Verum
420 2145 470 2201 est
481 2182 494 2217 ,
530 2126 632 2224 quod
652 2124 725 2196 dier
743 2126 854 2197 solet
898 2129 969 2198 Brs
980 2153 1096 2222 puerr
1122 2153 1181 2198 se·

120 2258 198 2306 nes.
250 2226 367 2301 Annis
389 2253 503 2326 prope
524 2227 655 2298 abhinc
675 2227 815 2324 triginta
834 2226 1181 2315 Commentariolum

125 2330 172 2402 de
207 2328 368 2400 Graecae
410 2329 574 2424 Linguae
614 2328 824 2400 Dialectis
814 2358 851 2403 m
885 2356 987 2401 usum
1023 2327 1180 2401 Scholae

122 2431 252 2530 Regiae
281 2429 704 2536 westmonasteriensis,
745 2457 855 2528 quae
861 2457 920 2500 me
952 2418 1200 2519 educaverat„

123 2533 280 2606 exaravi:
310 2551 345 2602 et
359 2519 731 2629 quantulumcumque
749 2532 903 2630 frugis
867 2545 933 2621 sit,
960 2533 1062 2631 quod
1079 2529 1180 2630 apud

126 2635 221 2705 illam
267 2634 442 2706 bonarum
484 2634 667 2706 literarum
700 2633 887 2707 Nutricem
920 2631 1180 2734 decerpseram,
1212 2705 1228 2726 ..

125 2734 241 2807 erdem
259 2755 379 2832 gratus
396 2761 612 2808 consecravi
678 2732 833 2825 Timeo,
871 2761 1005 2807 nenon
1026 2735 1183 2807 multum
1251 2791 1256 2802 .

122 2836 346 2932 adjumenti
338 2858 402 2909 rste
423 2833 634 2910 immaturus
655 2861 813 2906 mearum
835 2835 1037 2932 vigiliarum
1062 2837 1181 2908 foetus

96 2938 329 3011 contulerit.
383 2936 490 3010 Aliis
515 2940 609 3010 euim
631 2936 753 3010 datum
778 2955 831 3009 est
850 2935 1095 3028 doctioribus,
1123 2956 1192 3008 ιιι,

106 3037 266 3140 *possint
288 3039 406 3110 literas
422 3065 656 3138 promovere,
698 3038 840 3110 mihi
809 3067 866 3112 ιιι
885 3037 983 3111 aliud
1015 3039 1180 3136 amplius,

76 3227 80 3239 Δ
126 3169 233 3239 quam
249 3160 291 3212 ut
308 3142 426 3212 velun
487 3142 653 3213 Forsan
643 3139 752 3236 igitur
770 3167 904 3240 roges,
931 3139 1019 3237 quid
1039 3166 1096 3210 me
1114 3139 1181 3210 inr-

125 3243 285 3340 pulerit,
323 3263 366 3314 ut
386 3242 608 3315 miseellam
599 3263 699 3344 rstam
717 3238 934 3340 crudamque
952 3242 1181 3338 farraginem,

125 3345 297 3416 crambem
311 3365 511 3437 recoctam,
543 3345 675 3417 iterum
686 3341 919 3443 importunus
937 3344 1181 3437 obtruderem,
1232 3362 1235 3374 ¹

123 3467 159 3517 et
181 3446 361 3518 exoletam
381 3443 425 3516 ad
440 3447 605 3545 praelum
626 3459 841 3518 revocarem.
911 3444 998 3518 Nou
1015 3443 1183 3561 equidem

124 3547 197 3641 fui,
228 3566 291 3618 aut
307 3573 386 3621 suut
403 3569 477 3632 tam
493 3542 737 3666 praetumidus
751 3548 820 3620 mei
835 3546 991 3620 nominis
1009 3554 1070 3620 aut
1086 3574 1183 3619 mea-

126 3676 206 3736 rum
232 3647 412 3742 nugarum'
441 3647 623 3746 amator',
651 3670 706 3722 ιιι
718 3647 896 3746 easdem
885 3675 924 3719 ιιι
946 3667 1183 3749 conspectum

131 3749 269 3846 saepius
283 3750 510 3823 emittendi
484 3778 548 3826 sun
565 3749 724 3843 avidior;
751 3771 786 3823 et
805 3775 878 3853 non
898 3750 1017 3823 malim
1034 3774 1183 3823 securus

132 3848 259 3942 latere,
303 3877 425 3966 quam
432 3879 491 3925 me
517 3874 552 3924 et
578 3878 674 3929 meas
698 3877 835 3926 merces
843 3846 968 3924 minus
984 3851 1183 3925 vendibiles

129 3977 300 4023 censurae
321 3974 355 4024 et
373 3941 556 4026 cachinnis
579 3979 768 4054 exponere.
832 3951 946 4039 Quod
974 3950 1184 4045 Grammatl

126 4081 166 4126 ca
183 4051 279 4126 haec
297 4044 508 4128 Adversaria
526 4081 568 4128 ex
581 4057 746 4128 tenebris
752 4074 788 4127 et
802 4054 985 4129 oblivione
1004 4053 1184 4150 prodeun-

119 4149 175 4228 tia
210 4156 458 4254 periculosam
486 4157 624 4255 publici
644 4157 770 4255 judicii
799 4156 947 4228 aleam
938 4177 1069 4227 lterum
1098 4157 1185 4226 sub-

123 4279 232 4350 eant,
278 4261 433 4333 consilio
453 4260 680 4363 factumest,
733 4282 809 4332 ιιοιι
827 4283 931 4352 meo,
974 4255 1041 4329 sed
1057 4256 1189 4328 biblio·
1256 4292 1264 4313 s
